<record xmlns='http://www.loc.gov/MARC21/slim'><leader>01661ckm a2200349 i 4500</leader><controlfield tag='001'>8129261</controlfield><controlfield tag='005'>20220727231529.0</controlfield><controlfield tag='008'>191206s1863    vrannn            inzxx  </controlfield><datafield ind1=' ' ind2=' ' tag='035'><subfield code='a'>8129261</subfield></datafield><datafield ind1=' ' ind2=' ' tag='040'><subfield code='a'>ANL</subfield><subfield code='b'>eng</subfield><subfield code='e'>rda</subfield><subfield code='d'>ANL</subfield></datafield><datafield ind1=' ' ind2=' ' tag='042'><subfield code='a'>anuc</subfield></datafield><datafield ind1=' ' ind2=' ' tag='043'><subfield code='a'>u-at-vi</subfield></datafield><datafield ind1='1' ind2=' ' tag='100'><subfield code='a'>Cogne, Francois,</subfield><subfield code='d'>1829-1883</subfield><subfield code='e'>artist.</subfield></datafield><datafield ind1='1' ind2='0' tag='245'><subfield code='a'>Collins Street from Queen Street, Melbourne, approximately 1863 /</subfield><subfield code='c'>F. Cogne drawn &amp; lith.</subfield></datafield><datafield ind1=' ' ind2='1' tag='264'><subfield code='a'>Melbourne :</subfield><subfield code='b'>Schuhkrafft&apos;s,</subfield><subfield code='c'>approximately 1863.</subfield></datafield><datafield ind1=' ' ind2='3' tag='264'><subfield code='a'>Melbourne :</subfield><subfield code='b'>C. Troedel,</subfield><subfield code='c'>approximately 1863.</subfield></datafield><datafield ind1=' ' ind2=' ' tag='300'><subfield code='a'>1 print :</subfield><subfield code='b'>lithograph, hand-coloured on paper ;</subfield><subfield code='c'>26.6 x 36.5 cm</subfield></datafield><datafield ind1=' ' ind2=' ' tag='336'><subfield code='a'>still image</subfield><subfield code='2'>rdacontent</subfield></datafield><datafield ind1=' ' ind2=' ' tag='337'><subfield code='a'>unmediated</subfield><subfield code='2'>rdamedia</subfield></datafield><datafield ind1=' ' ind2=' ' tag='338'><subfield code='a'>sheet</subfield><subfield code='2'>rdacarrier</subfield></datafield><datafield ind1=' ' ind2=' ' tag='500'><subfield code='a'>Title devised by cataloguer from caption.</subfield></datafield><datafield ind1=' ' ind2=' ' tag='500'><subfield code='a'>Rex Nan Kivell Collection NK1620.</subfield></datafield><datafield ind1=' ' ind2=' ' tag='500'><subfield code='a'>Inscriptions: &quot;F. Cogne drawn &amp; lith.&quot;--Lower left; &quot;Collins Street (from Queen Street) Published at Schuhkrafft&apos;s 178 Eliz. St.&quot;--Lower centre; &quot;Printed by C. Troedel&quot;--Lower right.</subfield></datafield><datafield ind1=' ' ind2=' ' tag='500'><subfield code='a'>Condition: Yellowing, soiled, stained, spotting.</subfield></datafield><datafield ind1='4' ind2=' ' tag='510'><subfield code='a'>Ferguson, J.A. Bibliography of Australia,</subfield><subfield code='c'>17322</subfield></datafield><datafield ind1='4' ind2=' ' tag='510'><subfield code='a'>Wantrup, J. Australian rare books, 1788-1900,</subfield><subfield code='c'>262a</subfield></datafield><datafield ind1=' ' ind2=' ' tag='530'><subfield code='3'>PIC Drawer 3001 #U2873 NK1620/A copy</subfield><subfield code='a'>Digital master available</subfield><subfield code='b'>National Library of Australia</subfield><subfield code='d'>nla.obj-2203152393</subfield></datafield><datafield ind1=' ' ind2='0' tag='651'><subfield code='a'>Collins Street (Melbourne, Vic.)</subfield><subfield code='v'>Pictorial works.</subfield></datafield><datafield ind1=' ' ind2='0' tag='651'><subfield code='a'>Melbourne (Vic.)</subfield><subfield code='v'>Pictorial works.</subfield></datafield><datafield ind1='1' ind2=' ' tag='700'><subfield code='a'>Schuhkrafft, A. W.</subfield><subfield code='q'>(Augustus William),</subfield><subfield code='d'>active 1855-1869.</subfield></datafield><datafield ind1='1' ind2=' ' tag='700'><subfield code='a'>Troedel, Charles,</subfield><subfield code='d'>1836-1906.</subfield><subfield code='t'>Melbourne album.</subfield></datafield><datafield ind1=' ' ind2='0' tag='830'><subfield code='a'>Rex Nan Kivell Collection ;</subfield><subfield code='v'>NK1620/A.</subfield><subfield code='5'>ANL</subfield></datafield><datafield ind1='f' ind2='f' tag='999'><subfield code='i'>00043b95-f9fc-5426-8588-939924a87af4</subfield><subfield code='s'>66f6df2f-ed3f-5f88-bc48-fdbe316a220a</subfield></datafield><datafield ind1='f' ind2='f' tag='952'><subfield code='a'>National Library of Australia</subfield><subfield code='b'>Parkes</subfield><subfield code='c'>Parkes</subfield><subfield code='d'>Special Collections Reading Room (PIC [Pic MSS])</subfield><subfield code='e'>PIC Drawer 3001 #U2873 NK1620/A</subfield><subfield code='h'>Other scheme</subfield><subfield code='m'>fa56b9fa-22a9-5777-96eb-55d1c12ea39e</subfield></datafield></record>